@misc{dbscan,
  author = {Naftali Harris},
  title = {{V}isualizing {DBSCAN} {C}lustering},
  howpublished = {\url{https://www.naftaliharris.com/blog/visualizing-dbscan-clustering/}},
  note = {Accessed: 2018-01-13}
}

@misc{kmeans,
  author = {Naftali Harris},
  title = {{V}isualizing k-{M}eans {C}lustering},
  howpublished = {\url{https://www.naftaliharris.com/blog/visualizing-k-means-clustering/}},
  note = {Accessed: 2018-01-13}
}

@misc{Our_Implementation,
  author = {Sonja Biedermann and Christian Permann},
  title = {OPTICSvis},
  howpublished = {\url{https://biederfrau.github.io/opticsvis/app/}},
  note = {Accessed: 2018-01-14}
}

@article{optics,
 author = {Ankerst, Mihael and Breunig, Markus M. and Kriegel, Hans-Peter and Sander, J\"{o}rg},
 title = {OPTICS: Ordering Points to Identify the Clustering Structure},
 journal = {SIGMOD Rec.},
 issue_date = {June 1999},
 volume = {28},
 number = {2},
 month = jun,
 year = {1999},
 issn = {0163-5808},
 pages = {49--60},
 numpages = {12},
 url = {http://doi.acm.org/10.1145/304181.304187},
 doi = {10.1145/304181.304187},
 acmid = {304187},
 publisher = {ACM},
 address = {New York, NY, USA},
 keywords = {cluster analysis, database mining, visualization},
}

@article{clustvis,
    author = {Metsalu, Tauno and Vilo, Jaak},
    title = {ClustVis: a web tool for visualizing clustering of multivariate data using Principal Component Analysis and heatmap},
    journal = {Nucleic Acids Research},
    volume = {43},
    number = {W1},
    pages = {W566-W570},
    year = {2015},
    doi = {10.1093/nar/gkv468},
    URL = { + http://dx.doi.org/10.1093/nar/gkv468},
    eprint = {/oup/backfile/content_public/journal/nar/43/w1/10.1093_nar_gkv468/2/gkv468.pdf}
}

@article{clustervision,
	title = {Clustervision: Visual Supervision of Unsupervised Clustering},
	volume = {PP},
	issue = {99},
	number = {1},
	journal = {IEEE Transactions on Visualization and Computer Graphics},
	author = {Kwon, Bum Chul and Eysenbach, Ben and Verma, Janu and Ng, Kenney and deFilippi, Christopher and Stewart, Walter F. and Perer, Adam},
	year = {2018},
	pages = {1--1}
}

@article{d3,
 author = {Bostock, Michael and Ogievetsky, Vadim and Heer, Jeffrey},
 title = {D3 Data-Driven Documents},
 journal = {IEEE Transactions on Visualization and Computer Graphics},
 issue_date = {December 2011},
 volume = {17},
 number = {12},
 month = dec,
 year = {2011},
 issn = {1077-2626},
 pages = {2301--2309},
 numpages = {9},
 url = {http://dx.doi.org/10.1109/TVCG.2011.185},
 doi = {10.1109/TVCG.2011.185},
 acmid = {2068631},
 publisher = {IEEE Educational Activities Department},
 address = {Piscataway, NJ, USA},
 keywords = {Information visualization, user interfaces, toolkits, 2D graphics.},
}

@misc{d3-lasso,
  author = {Kokenes, Speros},
  title = {\texttt{d3-lasso}},
  howpublished = {\url{https://github.com/skokenes/d3-lasso}},
  note = {Last-Accessed: 2018-01-17}
}

@misc{d3-contour,
  author = {Bostock, Michael},
  title = {\texttt{d3-contour}},
  howpublished = {\url{https://github.com/d3/d3-contour}},
  note = {Last-Accessed: 2018-01-17}
}

@misc{d3-legend,
  author = {Lu, Susie},
  title = {\texttt{d3-legend}},
  howpublished = {\url{http://d3-legend.susielu.com/}},
  note = {Last-Accessed: 2018-01-17}
}

@misc{jquery,
  author = {{The jQuery Foundation}},
  title = {{jQuery}},
  howpublished = {\url{https://jquery.com/}},
  note = {Last-Accessed: 2018-01-17}
}

@misc{lodash,
  author = {Sirois, Jean-Philippe and Hall, Zack},
  title = {Lodash},
  howpublished = {\url{https://lodash.com/}},
  note = {Last-Accessed: 2018-01-17}
}

@misc{blocks,
  author = {Bostock, Michael},
  title = {\texttt{Blocks}},
  howpublished = {\url{https://bl.ocks.org}},
  note = {Last-Accessed: 2018-01-17}
}
